<?xml version="1.0" encoding="UTF-8"?><collection xmlns="http://www.loc.gov/MARC21/slim"><record><leader>00431nam--2200157-i-4500</leader><controlfield tag="001">000014375</controlfield><controlfield tag="002">20161230</controlfield><controlfield tag="005">20170102225545</controlfield><controlfield tag="008">060222s1000------------r-----000-0-eng-d</controlfield><datafield ind1=" " ind2=" " tag="100"><subfield code="a">Buzila, V</subfield></datafield><datafield ind1=" " ind2=" " tag="245"><subfield code="a">Geometrie descriptiva si desen tehnic. Probleme si aplicatii</subfield></datafield><datafield ind1=" " ind2=" " tag="260"><subfield code="a">Bucuresti</subfield><subfield code="b">Ed.Didactica Di Pedagogica</subfield><subfield code="c">1982</subfield></datafield><datafield ind1=" " ind2=" " tag="300"><subfield code="a">450 P</subfield></datafield><datafield ind1=" " ind2=" " tag="700"><subfield code="a">Enache, Ion</subfield></datafield><datafield ind1=" " ind2=" " tag="852"><subfield code="a">70487</subfield><subfield code="c">515/516</subfield></datafield><datafield ind1=" " ind2=" " tag="CAT"><subfield code="a">SYS</subfield><subfield code="c">20170102</subfield><subfield code="h">225545</subfield></datafield></record></collection>